@InProceedings{imdb_dataset_stanfordnlp,
  author    = {Maas, Andrew L.  and  Daly, Raymond E.  and  Pham, Peter T.  and  Huang, Dan  and  Ng, Andrew Y.  and  Potts, Christopher},
  title     = {Learning Word Vectors for Sentiment Analysis},
  booktitle = {Proceedings of the 49th Annual Meeting of the Association for Computational Linguistics: Human Language Technologies},
  month     = {June},
  year      = {2011},
  address   = {Portland, Oregon, USA},
  publisher = {Association for Computational Linguistics},
  pages     = {142--150},
  url       = {http://www.aclweb.org/anthology/P11-1015}
}

@misc{mediumDoesEmbedding,
	author = {Amit Yadav},
	title = {{H}ow {D}oes {E}mbedding {L}ayer {W}ork? --- medium.com},
	howpublished = {\url{https://medium.com/biased-algorithms/how-does-embedding-layer-work-eafb1c721302}},
	year = {},
	note = {[Accessed 28-01-2025]},
}

@misc{wikipediaDilutionneural,
	author = {},
	title = {{D}ilution (neural networks) - {W}ikipedia --- en.wikipedia.org},
	howpublished = {\url{https://en.wikipedia.org/wiki/Dilution_(neural_networks)}},
	year = {},
	note = {[Accessed 28-01-2025]},
}

@misc{babbelDoesYour,
	author = {Lesson Nine GmbH},
	title = {{D}oes {Y}our {V}ocabulary {S}ize {M}atter? --- babbel.com},
	howpublished = {\url{https://www.babbel.com/en/magazine/does-vocabulary-size-matter}},
	year = {},
	note = {[Accessed 28-01-2025]},
}

@misc{stackexchangeWhatBatch,
	author = {},
	title = {{W}hat is batch size in neural network? --- stats.stackexchange.com},
	howpublished = {\url{https://stats.stackexchange.com/questions/153531/what-is-batch-size-in-neural-network}},
	year = {},
	note = {[Accessed 29-01-2025]},
}

@misc{stackexchangeChoosePredictive,
	author = {},
	title = {{H}ow to choose a predictive model after k-fold cross-validation? --- stats.stackexchange.com},
	howpublished = {\url{https://stats.stackexchange.com/questions/52274/how-to-choose-a-predictive-model-after-k-fold-cross-validation}},
	year = {},
	note = {[Accessed 29-01-2025]},
}